@article{kalman1960new,
  title={A new approach to linear filtering and prediction problems},
  author={Kalman, R. E.},
  journal={Transactions of the ASME, Journal of Basic Engineering},
  pages={35--45},
  year={1960},
  volume = {82},
  number = {1}
}

@Article{rauch1965maximum,
  title={Maximum likelihood estimates of linear dynamic systems},
  author={Rauch, H. E. and Tung, F. and Striebel, Charlotte T.},
  journal={AIAA journal},
  volume={3},
  number={8},
  pages={1445--1450},
  year={1965}
}

@book{sarkka2023bayesian,
  title={Bayesian Filtering and Smoothing},
  author={S{\"a}rkk{\"a}, S. and Svensson, L.},
  volume={17},
  year={2023},
  publisher={Cambridge university press}
}

@book{jazwinski2007stochastic,
  title={Stochastic Processes and Filtering Theory},
  author={Jazwinski, A. H.},
  year={2007},
  publisher={Courier Corporation}
}

@book{bar2004estimation,
  title={Estimation with Applications to Tracking and Navigation: Theory Algorithms and Software},
  author={Bar-Shalom, Y. and Li, X. R. and Kirubarajan, T.},
  year={2004},
  publisher={John Wiley \& Sons}
}

@book{maybeck1982stochastic,
  title={Stochastic Models, Estimation, and Control},
  author={Maybeck, P. S.},
  volume={2},
  year={1982},
  publisher={Academic Press}
}

@Article{arasaratnam2009cubature,
  title={Cubature {K}alman filters},
  author={Arasaratnam, I. and Haykin, S.},
  journal={IEEE Transactions on Automatic Control},
  volume={54},
  number={6},
  pages={1254--1269},
  year={2009},
  publisher={IEEE}
}

@article{sarkka2008unscented,
  title={Unscented Rauch--Tung--Striebel Smoother},
  author={S{\"a}rkk{\"a}, S.},
  journal={IEEE transactions on automatic control},
  volume={53},
  number={3},
  pages={845--849},
  year={2008},
  publisher={IEEE}
}

@article{bell1994iterated,
    title        = {The iterated {K}alman smoother as a {G}auss--{N}ewton method},
    author       = {Bell, B. M.},
    year         = {1994},
    journal      = {SIAM Journal on Optimization},
    publisher    = {Siam}
}

@inproceedings{sarkka2020levenberg,
    title        = {{L}evenberg-{M}arquardt and line-search extended {K}alman smoothers},
    author       = {S{\"a}rkk{\"a}, S. and Svensson, L.},
    year         = {2020},
    booktitle    = {International Conference on Acoustics, Speech and Signal Processing},
    organization = {IEEE}
}

@book{bjorck1996numerical,
  title={Numerical Methods for Least Squares Problems},
  author={Bj{\"o}rck, {\AA}.},
  year={1996},
  publisher={SIAM}
}

@book{wright1999numerical,
    title        = {Numerical Optimization},
    author       = {Wright, S. and Nocedal, J.},
    year         = {1999},
    publisher    = {Springer}
}

@article{garcia2014gaussian,
    title        = {Gaussian {MAP} filtering using {K}alman optimization},
    author       = {Garc{\'\i}a-Fern{\'a}ndez, {\'A}. F. and Svensson, L.},
    year         = {2014},
    journal      = {Transactions on Automatic Control},
    publisher    = {IEEE}
}

@inproceedings{fatemi2012study,
    title        = {A study of {MAP} estimation techniques for nonlinear filtering},
    author       = {Fatemi, M. and Svensson, L. and Hammarstrand, L. and Morelande, M.},
    year         = {2012},
    booktitle    = {International Conference on Information Fusion},
    organization = {IEEE}
}

@article{moriyama2003incremental,
    title        = {The incremental {G}auss-{N}ewton algorithm with adaptive stepsize rule},
    author       = {Moriyama, H. and Yamashita, N. and Fukushima, M.},
    year         = {2003},
    journal      = {Computational Optimization and Applications},
    publisher    = {Springer Nature}
}

@book{boyd2004convex,
  title={Convex Optimization},
  author={Boyd, S. and Vandenberghe, L.},
  year={2004},
  publisher={Cambridge university press}
}

@Article{garcia2016iterated,
  title={Iterated posterior linearization smoother},
  author={Garc{\'\i}a-Fern{\'a}ndez, {\'A}. F. and Svensson, L. and S{\"a}rkk{\"a}, S.},
  journal={IEEE Transactions on Automatic Control},
  volume={62},
  number={4},
  pages={2056--2063},
  year={2016},
  publisher={IEEE}
}

@Article{tronarp2018iterative,
  title={Iterative filtering and smoothing in nonlinear and non-{G}aussian systems using conditional moments},
  author={Tronarp, F. and Garc{\'i}a-Fern\'andez, {\'A}. F. and S{\"a}rkk{\"a}, S.},
  journal={IEEE Signal Processing Letters},
  volume={25},
  number={3},
  pages={408--412},
  year={2018},
  publisher={IEEE}
}

@book{plancher2022gpu,
  title={GPU Acceleration for Real-Time, Whole-Body, Nonlinear Model Predictive Controla},
  author={Plancher, B. K.},
  year={2022},
  publisher={Harvard University}
}

@Article{blelloch1989scans,
  title={Scans as primitive parallel operations},
  author={Blelloch, G. E.},
  journal={IEEE Transactions on Computers},
  volume={38},
  number={11},
  pages={1526--1538},
  year={1989},
  publisher={IEEE}
}

@inproceedings{yaghoobi2021parallel,
  title={Parallel iterated extended and sigma-point {K}alman smoothers},
  author={Yaghoobi, F. and Corenflos, A. and Hassan, S. and S{\"a}rkk{\"a}, S.},
  booktitle={ICASSP 2021-2021 IEEE International Conference on Acoustics, Speech and Signal Processing (ICASSP)},
  pages={5350--5354},
  year={2021},
  organization={IEEE}
}

@Article{sarkka2020temporal,  
    title={Temporal Parallelization of {B}ayesian Smoothers},   
    author={S{\"a}rkk{\"a}, S. and  Garc{\'i}a-Fern\'andez, {\'A}. F.},  
    journal={IEEE Transactions on Automatic Control},   
    year={2021},  
    volume={66},  
    number={1},  
    pages={299-306}
}

@article{pibiri2021practical,
  title={Practical trade-offs for the prefix-sum problem},
  author={Pibiri, G. E. and Venturini, R.},
  journal={Software: Practice and Experience},
  volume={51},
  number={5},
  pages={921--949},
  year={2021},
  publisher={Wiley Online Library}
}


